
<record>
  <controlfield tag="001">837538</controlfield>
  <datafield tag="037" ind1=" " ind2=" ">
    <subfield code="a">arXiv:0911.4252</subfield>
    <subfield code="9">arXiv</subfield>
    <subfield code="c">astro-ph.HE</subfield>
  </datafield>
  <datafield tag="037" ind1=" " ind2=" ">
    <subfield code="a">SLAC-PUB-14835</subfield>
  </datafield>
  <datafield tag="245" ind1=" " ind2=" ">
    <subfield code="a">Fermi Observations of the Very Hard Gamma-ray Blazar PG 1553+113</subfield>
  </datafield>
  <datafield tag="710" ind1=" " ind2=" ">
    <subfield code="g">Fermi-LAT</subfield>
  </datafield>
  <datafield tag="024" ind1="7" ind2=" ">
    <subfield code="a">10.1088/0004-637X/708/2/1310</subfield>
    <subfield code="2">DOI</subfield>
  </datafield>
  <datafield tag="035" ind1=" " ind2=" ">
    <subfield code="a">oai:arXiv.org:0911.4252</subfield>
    <subfield code="z">oai:arXiv.org:0911.4252</subfield>
    <subfield code="9">arXiv</subfield>
  </datafield>
  <datafield tag="035" ind1=" " ind2=" ">
    <subfield code="z">D10-05113</subfield>
    <subfield code="9">DESY</subfield>
  </datafield>
  <datafield tag="035" ind1=" " ind2=" ">
    <subfield code="a">Abdo:2009sh</subfield>
    <subfield code="9">SPIRESTeX</subfield>
  </datafield>
  <datafield tag="035" ind1=" " ind2=" ">
    <subfield code="9">ADS</subfield>
    <subfield code="a">2010ApJ...708.1310A</subfield>
  </datafield>
</record>