
<record>
  <controlfield tag="001">819727</controlfield>
  <datafield tag="024" ind1="7" ind2=" ">
    <subfield code="a">10.1088/0004-637X/699/2/1281</subfield>
    <subfield code="2">DOI</subfield>
  </datafield>
  <datafield tag="035" ind1=" " ind2=" ">
    <subfield code="a">oai:arXiv.org:0905.1189</subfield>
    <subfield code="z">oai:arXiv.org:0905.1189</subfield>
    <subfield code="9">arXiv</subfield>
  </datafield>
  <datafield tag="035" ind1=" " ind2=" ">
    <subfield code="z">D09-07819</subfield>
    <subfield code="9">DESY</subfield>
  </datafield>
  <datafield tag="035" ind1=" " ind2=" ">
    <subfield code="a">Aielli:2009zr</subfield>
    <subfield code="9">SPIRESTeX</subfield>
  </datafield>
  <datafield tag="035" ind1=" " ind2=" ">
    <subfield code="9">ADS</subfield>
    <subfield code="a">2009ApJ...699.1281A</subfield>
  </datafield>
  <datafield tag="037" ind1=" " ind2=" ">
    <subfield code="a">arXiv:0905.1189</subfield>
    <subfield code="9">arXiv</subfield>
    <subfield code="c">astro-ph.HE</subfield>
  </datafield>
  <datafield tag="245" ind1=" " ind2=" ">
    <subfield code="a">Search for Gamma Ray Bursts with the Argo-YBJ Detector in Scaler Mode</subfield>
  </datafield>
  <datafield tag="710" ind1=" " ind2=" ">
    <subfield code="g">YBJ</subfield>
  </datafield>
</record>