
<record>
  <controlfield tag="001">1385421</controlfield>
  <datafield tag="024" ind1="7" ind2=" ">
    <subfield code="2">DOI</subfield>
    <subfield code="a">10.1109/FREQ.2009.5168287</subfield>
  </datafield>
  <datafield tag="035" ind1=" " ind2=" ">
    <subfield code="9">INSPIRETeX</subfield>
    <subfield code="a">Acernese:2009lla</subfield>
  </datafield>
  <datafield tag="245" ind1=" " ind2=" ">
    <subfield code="a">Control of the laser frequency of the Virgo gravitational wave interferometer with an in-loop relative frequency stability of $1.0^{x} 10^{-21}$ on a 100 ms time scale</subfield>
  </datafield>
</record>