
<record>
  <controlfield tag="001">877281</controlfield>
  <datafield tag="245" ind1=" " ind2=" ">
    <subfield code="a">Cleaning the Virgo sampled data for the search of periodic sources of gravitational waves</subfield>
  </datafield>
  <datafield tag="024" ind1="7" ind2=" ">
    <subfield code="a">10.1088/0264-9381/26/20/204002</subfield>
    <subfield code="2">DOI</subfield>
  </datafield>
  <datafield tag="035" ind1=" " ind2=" ">
    <subfield code="a">Acernese:2009zz</subfield>
    <subfield code="9">SPIRESTeX</subfield>
  </datafield>
</record>

</collection>